Bibliography

@article {Zwietering1875,
	author = {Zwietering, M. H. and Jongenburger, I. and Rombouts, F. M. and van {\textquoteright}t Riet, K.},
	title = {Modeling of the Bacterial Growth Curve},
	volume = {56},
	number = {6},
	pages = {1875--1881},
	year = {1990},
	publisher = {American Society for Microbiology Journals},
	URL = {https://aem.asm.org/content/56/6/1875},
	eprint = {https://aem.asm.org/content/56/6/1875.full.pdf},
	journal = {Applied and Environmental Microbiology}
}

@article{PELEG2007808,
title = "The logistic (Verhulst) model for sigmoid microbial growth curves revisited",
journal = "Food Research International",
volume = "40",
number = "7",
pages = "808 - 818",
year = "2007",
issn = "0963-9969",
doi = "https://doi.org/10.1016/j.foodres.2007.01.012",
url = "http://www.sciencedirect.com/science/article/pii/S0963996907000269",
author = "Micha Peleg and Maria G. Corradini and Mark D. Normand"}

@article{verhulst1838notice,
  title={Notice sur la loi que la population suit dans son accroissement},
  author={Verhulst, Pierre-Fran{\c{c}}ois},
  journal={Corresp. Math. Phys.},
  volume={10},
  pages={113--126},
  year={1838}
}

@article{carlson1913geschwindigkeit,
  title={{\"U}ber geschwindigkeit und gr{\"o}sse der hefevermehrung in w{\"u}rze},
  author={Carlson, Tor},
  journal={Biochem. Z},
  volume={57},
  pages={313--334},
  year={1913}
}

@article{morgan1976stochastic,
  title={Stochastic models of grouping changes},
  author={Morgan, Byron JT},
  journal={Advances in Applied Probability},
  pages={30--57},
  year={1976},
  publisher={JSTOR}
}

@article{TSOULARIS200221,
title = "Analysis of logistic growth models",
journal = "Mathematical Biosciences",
volume = "179",
number = "1",
pages = "21 - 55",
year = "2002",
issn = "0025-5564",
doi = "https://doi.org/10.1016/S0025-5564(02)00096-2",
url = "http://www.sciencedirect.com/science/article/pii/S0025556402000962",
author = "A. Tsoularis and J. Wallace"}

@article{BUCHANAN1997313,
title = "When is simple good enough: a comparison of the Gompertz, Baranyi, and three-phase linear models for fitting bacterial growth curves",
journal = "Food Microbiology",
volume = "14",
number = "4",
pages = "313 - 326",
year = "1997",
issn = "0740-0020",
doi = "https://doi.org/10.1006/fmic.1997.0125",
url = "http://www.sciencedirect.com/science/article/pii/S0740002097901258",
author = "R.L Buchanan and R.C Whiting and W.C Damert"}

@article{baranyi1993non,
  title={A non-autonomous differential equation to model bacterial growth},
  author={Baranyi, J and Roberts, TA and McClure, P},
  journal={Food microbiology},
  volume={10},
  number={1},
  pages={43--59},
  year={1993},
  publisher={Elsevier Science}
}

@article{johnson2004model,
  title={Model selection in ecology and evolution},
  author={Johnson, Jerald B and Omland, Kristian S},
  journal={Trends in ecology \& evolution},
  volume={19},
  number={2},
  pages={101--108},
  year={2004},
  publisher={Elsevier}
}

@article{bae2014growth,
  title={Growth characteristics and biofilm formation of various spoilage bacteria isolated from fresh produce},
  author={Bae, Young-Min and Zheng, Ling and Hyun, Jeong-Eun and Jung, Kyu-Seok and Heu, Sunggi and Lee, Sun-Young},
  journal={Journal of food science},
  volume={79},
  number={10},
  pages={M2072--M2080},
  year={2014},
  publisher={Wiley Online Library}
}

@article{bernhardt2018metabolic,
  title={Metabolic theory and the temperature-size rule explain the temperature dependence of population carrying capacity},
  author={Bernhardt, Joey R and Sunday, Jennifer M and Oâ€™Connor, Mary I},
  journal={The American Naturalist},
  volume={192},
  number={6},
  pages={687--697},
  year={2018},
  publisher={University of Chicago Press Chicago, IL}
}

@article{galarz2016predicting,
  title={Predicting bacterial growth in raw, salted, and cooked chicken breast fillets during storage},
  author={Galarz, Liane Aldrighi and Fonseca, Gustavo Graciano and Prentice, Carlos},
  journal={Food Science and Technology International},
  volume={22},
  number={6},
  pages={461--474},
  year={2016},
  publisher={SAGE Publications Sage UK: London, England}
}

@article{gill1991growth,
  title={Growth of Escherichia coli and Salmonella typhimurium on high-pH beef packed under vacuum or carbon dioxide},
  author={Gill, CO and DeLacy, KM},
  journal={International journal of food microbiology},
  volume={13},
  number={1},
  pages={21--30},
  year={1991},
  publisher={Elsevier}
}

@article{roth1962continuity,
  title={Continuity of psychrophilic and mesophilic growth characteristics in the genus Arthrobacter},
  author={Roth, Norman G and Wheaton, Robert B},
  journal={Journal of bacteriology},
  volume={83},
  number={3},
  pages={551--555},
  year={1962},
  publisher={Am Soc Microbiol}
}

@article{silva2018modelling,
  title={Modelling the growth of lactic acid bacteria at different temperatures},
  author={Silva, Ana Paula Rosa da and Longhi, Daniel Angelo and Dalcanton, Francieli and Arag{\~a}o, Gl{\'a}ucia Maria Falc{\~a}o de},
  journal={Brazilian archives of biology and technology},
  volume={61},
  year={2018},
  publisher={SciELO Brasil}
}

@article{sivonen1990effects,
  title={Effects of light, temperature, nitrate, orthophosphate, and bacteria on growth of and hepatotoxin production by Oscillatoria agardhii strains.},
  author={Sivonen, Kaarina},
  journal={Applied and environmental microbiology},
  volume={56},
  number={9},
  pages={2658--2666},
  year={1990},
  publisher={Am Soc Microbiol}
}

@article{stannard1985temperature,
  title={Temperature/growth relationships for psychrotrophic food-spoilage bacteria},
  author={Stannard, CJ and Williams, AP and Gibbs, PA},
  journal={Food Microbiology},
  volume={2},
  number={2},
  pages={115--122},
  year={1985},
  publisher={Elsevier}
}

@article{zwietering1994modeling,
  title={Modeling of bacterial growth with shifts in temperature},
  author={Zwietering, MH and De Wit, JC and Cuppers, HGAM and Van't Riet, K},
  journal={Applied and Environmental Microbiology},
  volume={60},
  number={1},
  pages={204--213},
  year={1994},
  publisher={Am Soc Microbiol}
}

@article{PHILLIPS1987173,
title = "The relation between temperature and growth of bacteria in dairy products",
journal = "Food Microbiology",
volume = "4",
number = "2",
pages = "173 - 185",
year = "1987",
issn = "0740-0020",
doi = "https://doi.org/10.1016/0740-0020(87)90033-5",
url = "http://www.sciencedirect.com/science/article/pii/0740002087900335",
author = "J.D. Phillips and M.W. Griffiths"}

@article{doi:10.1177/0049124104268644,
author = {Kenneth P. Burnham and David R. Anderson},
title ={Multimodel Inference: Understanding AIC and BIC in Model Selection},
journal = {Sociological Methods \& Research},
volume = {33},
number = {2},
pages = {261-304},
year = {2004},
doi = {10.1177/0049124104268644},

URL = { 
        https://doi.org/10.1177/0049124104268644
    
},
eprint = { 
        https://doi.org/10.1177/0049124104268644
    
}}

@incollection{HARTEL2005448,
title = "MICROBIAL PROCESSES | Environmental Factors",
editor = "Daniel Hillel",
booktitle = "Encyclopedia of Soils in the Environment",
publisher = "Elsevier",
address = "Oxford",
pages = "448 - 455",
year = "2005",
isbn = "978-0-12-348530-4",
doi = "https://doi.org/10.1016/B0-12-348530-4/00155-7",
url = "http://www.sciencedirect.com/science/article/pii/B0123485304001557",
author = "P.G. Hartel"
}

@incollection{HASTINGS2013175,
title = "Population Dynamics",
editor = "Simon A Levin",
booktitle = "Encyclopedia of Biodiversity (Second Edition)",
publisher = "Academic Press",
edition = "Second Edition",
address = "Waltham",
pages = "175 - 181",
year = "2013",
isbn = "978-0-12-384720-1",
doi = "https://doi.org/10.1016/B978-0-12-384719-5.00115-5",
url = "http://www.sciencedirect.com/science/article/pii/B9780123847195001155",
author = "Alan Hastings",
keywords = "Age structure, Chaos, Competition, Density dependence, Exponential growth, Logistic growth, Predation, SIR models, Stability, Stochasticity"}


@article{doi:10.1080/10408398.2011.570463,
author = { Micha   Peleg  and  Maria G.   Corradini },
title = {Microbial Growth Curves: What the Models Tell Us and What They Cannot},
journal = {Critical Reviews in Food Science and Nutrition},
volume = {51},
number = {10},
pages = {917-945},
year  = {2011},
publisher = {Taylor & Francis},
doi = {10.1080/10408398.2011.570463},
    note ={PMID: 21955092},

URL = { 
        https://doi.org/10.1080/10408398.2011.570463
    
}}

@article{10.1111/j.1574-6941.1999.tb00639.x,
    author = {Nedwell, D.B.},
    title = "{Effect of low temperature on microbial growth: lowered affinity for substrates limits growth at low temperature}",
    journal = {FEMS Microbiology Ecology},
    volume = {30},
    number = {2},
    pages = {101-111},
    year = {1999},
    month = {10}}
    
@article{ParishJH1985BoBG,
issn = {0307-4412},
journal = {Biochemical education},
pages = {90},
volume = {13},
publisher = {Pergamon},
number = {2},
year = {1985},
title = {Biochemistry of Bacterial Growth, 3rd Edition},
address = {[Oxford ; New York] :},
author = {Parish, JH},
}

@article{10.1371/journal.pone.0097269,
    author = {Chioccioli, Maurizio AND Hankamer, Ben AND Ross, Ian L.},
    journal = {PLOS ONE},
    publisher = {Public Library of Science},
    title = {Flow Cytometry Pulse Width Data Enables Rapid and Sensitive Estimation of Biomass Dry Weight in the Microalgae Chlamydomonas reinhardtii and Chlorella vulgaris},
    year = {2014},
    month = {05},
    volume = {9},
    url = {https://doi.org/10.1371/journal.pone.0097269},
    pages = {1-12}
    }
    
@article{Fujikawa2004ANL,
  title={A new logistic model for Escherichia coli growth at constant and dynamic temperatures},
  author={H. Fujikawa and A. Kai and S. Morozumi},
  journal={Food Microbiology},
  year={2004},
  volume={21},
  pages={501-509}
}

@Manual{Rcit,
     title = {R: A Language and Environment for Statistical Computing},
     author = {{R Core Team}},
     organization = {R Foundation for Statistical Computing},
     address = {Vienna, Austria},
     year = {2020},
     url = {https://www.R-project.org/},
   }

@book{pythoncit, 
  title={Python tutorial}, 
  author={Van Rossum, Guido and Drake Jr, Fred L}, 
  year={1995}, 
  publisher={Centrum voor Wiskunde en Informatica Amsterdam, The Netherlands} 
}

@article{levins1966strategy,
  title={The strategy of model building in population biology},
  author={Levins, Richard},
  journal={American scientist},
  volume={54},
  number={4},
  pages={421--431},
  year={1966},
  publisher={JSTOR}
}

@article{amato2009energy,
  title={Energy metabolism response to low-temperature and frozen conditions in Psychrobacter cryohalolentis},
  author={Amato, Pierre and Christner, Brent C},
  journal={Applied and environmental microbiology},
  volume={75},
  number={3},
  pages={711--718},
  year={2009},
  publisher={Am Soc Microbiol}
}

@article{symonds2011brief,
  title={A brief guide to model selection, multimodel inference and model averaging in behavioural ecology using Akaikeâ€™s information criterion},
  author={Symonds, Matthew RE and Moussalli, Adnan},
  journal={Behavioral Ecology and Sociobiology},
  volume={65},
  number={1},
  pages={13--21},
  year={2011},
  publisher={Springer}
}

@article{pla2015comparison,
  title={Comparison of primary models to predict microbial growth by the plate count and absorbance methods},
  author={Pla, Mar{\'\i}a-Leonor and Oltra, Sandra and Esteban, Mar{\'\i}a-Dolores and Andreu, Santiago and Palop, Alfredo},
  journal={BioMed research international},
  volume={2015},
  year={2015},
  publisher={Hindawi}
}

@article{engqvist2018correlating,
  title={Correlating enzyme annotations with a large set of microbial growth temperatures reveals metabolic adaptations to growth at diverse temperatures},
  author={Engqvist, Martin KM},
  journal={BMC microbiology},
  volume={18},
  number={1},
  pages={1--14},
  year={2018},
  publisher={BioMed Central}
}

@article{liberles2013need,
  title={On the need for mechanistic models in computational genomics and metagenomics},
  author={Liberles, David A and Teufel, Ashley I and Liu, Liang and Stadler, Tanja},
  journal={Genome biology and evolution},
  volume={5},
  number={10},
  pages={2008--2018},
  year={2013},
  publisher={Oxford University Press}
}

  @Article{tidyverse,
    title = {Welcome to the {tidyverse}},
    author = {Hadley Wickham and Mara Averick and Jennifer Bryan and Winston Chang and Lucy D'Agostino McGowan and Romain FranÃ§ois and Garrett Grolemund and Alex Hayes and Lionel Henry and Jim Hester and Max Kuhn and Thomas Lin Pedersen and Evan Miller and Stephan Milton Bache and Kirill MÃ¼ller and Jeroen Ooms and David Robinson and Dana Paige Seidel and Vitalie Spinu and Kohske Takahashi and Davis Vaughan and Claus Wilke and Kara Woo and Hiroaki Yutani},
    year = {2019},
    journal = {Journal of Open Source Software},
    volume = {4},
    number = {43},
    pages = {1686},
    doi = {10.21105/joss.01686},
  }
  
@Manual{minpack.lm,
    title = {minpack.lm: R Interface to the Levenberg-Marquardt Nonlinear Least-Squares
Algorithm Found in MINPACK, Plus Support for Bounds},
    author = {Timur V. Elzhov and Katharine M. Mullen and Andrej-Nikolai Spiess and Ben Bolker},
    year = {2016},
    note = {R package version 1.2-1},
    url = {https://CRAN.R-project.org/package=minpack.lm},
  }
 
@Manual{patchwork,
    title = {patchwork: The Composer of Plots},
    author = {Thomas Lin Pedersen},
    year = {2020},
    note = {R package version 1.1.1},
    url = {https://CRAN.R-project.org/package=patchwork},
  }
  
 @Article{plyr,
    title = {The Split-Apply-Combine Strategy for Data Analysis},
    author = {Hadley Wickham},
    journal = {Journal of Statistical Software},
    year = {2011},
    volume = {40},
    number = {1},
    pages = {1--29},
    url = {http://www.jstatsoft.org/v40/i01/},
  }

  
