@article{DTCcats,
author = {Lyons, Leslie and Buckley, Reuben},
year = {2020},
month = {07},
pages = {},
title = {Direct-to-Consumer Genetic Testing for Domestic Cats},
volume = {50},
journal = {Veterinary Clinics of North America: Small Animal Practice},
doi = {10.1016/j.cvsm.2020.05.004}
}

@article{DTCdogs,
    author = {Deane-Coe, Petra E. AND Chu, Erin T. AND Slavney, Andrea AND Boyko, Adam R. AND Sams, Aaron J.},
    journal = {PLOS Genetics},
    publisher = {Public Library of Science},
    title = {Direct-to-consumer DNA testing of 6,000 dogs reveals 98.6-kb duplication associated with blue eyes and heterochromia in Siberian Huskies},
    year = {2018},
    month = {10},
    volume = {14},
    url = {https://doi.org/10.1371/journal.pgen.1007648},
    pages = {1-15}
    }

@article{horserefgenome,
  title={Ten years of the horse reference genome: insights into equine biology, domestication and population dynamics in the post-genome era},
  author={Raudsepp, T and Finno, CJ and Bellone, RR and Petersen, JL},
  journal={Animal genetics},
  volume={50},
  number={6},
  pages={569--597},
  year={2019},
  publisher={Wiley Online Library}
}

@article{Equ-Cab3.0,
author = {Kalbfleisch, Ted and Rice, Edward and Jr, DePriest, and Walenz, Brian and Hestand, Matthew and Vermeesch, Joris and O'Connell, Brendan and Fiddes, Ian and Vershinina, Alisa and Saremi, Nedda and Petersen, Jessica and Finno, Carrie and Bellone, Rebecca and McCue, Molly and Brooks, Samantha and Bailey, Ernest and Orlando, Ludovic and Green, Richard and Miller, Donald and MacLeod, James},
year = {2018},
month = {11},
pages = {},
title = {Improved reference genome for the domestic horse increases assembly contiguity and composition},
volume = {1},
journal = {Communications Biology},
doi = {10.1038/s42003-018-0199-z}
}

@article{khan2018consumer,
  title={Consumer genomics will change your life, whether you get tested or not},
  author={Khan, Razib and Mittelman, David},
  journal={Genome biology},
  volume={19},
  number={1},
  pages={120},
  year={2018},
  publisher={BioMed Central}
}

@article{nextflow,
  title={Nextflow enables reproducible computational workflows},
  author={Di Tommaso, Paolo and Chatzou, Maria and Floden, Evan W and Barja, Pablo Prieto and Palumbo, Emilio and Notredame, Cedric},
  journal={Nature biotechnology},
  volume={35},
  number={4},
  pages={316--319},
  year={2017},
  publisher={Nature Publishing Group}
}